@article{shannon1948communication,
  author = {Claude E. Shannon},
  title = {A Mathematical Theory of Communication},
  journal = {Bell System Technical Journal},
  year = 1948,
  volume = {27},
  number = {3},
  pages = {379-423},
}

@article{nakamoto2008bitcoin,
  title={Bitcoin: A peer-to-peer electronic cash system},
  author={Nakamoto, Satoshi and others},
  year={2008},
  publisher={Working Paper}
}

@inproceedings{algorand,
  author    = {Yossi Gilad and
               Rotem Hemo and
               Silvio Micali and
               Georgios Vlachos and
               Nickolai Zeldovich},
  title     = {Algorand: Scaling Byzantine Agreements for Cryptocurrencies},
  booktitle = {Proceedings of the 26th Symposium on Operating Systems Principles,
               Shanghai, China, October 28-31, 2017},
  pages     = {51--68},
  year      = {2017},
  crossref  = {sosp2017},
  url       = {https://doi.org/10.1145/3132747.3132757},
  doi       = {10.1145/3132747.3132757},
  timestamp = {Tue, 06 Nov 2018 16:59:32 +0100},
  biburl    = {https://dblp.org/rec/bib/conf/sosp/GiladHMVZ17},
  bibsource = {dblp computer science bibliography, https://dblp.org}
}